@Book{xie2015,
  title = {Dynamic Documents with {R} and knitr},
  author = {Yihui Xie},
  publisher = {Chapman and Hall/CRC},
  address = {Boca Raton, Florida},
  year = {2015},
  edition = {2nd},
  note = {ISBN 978-1498716963},
  url = {http://yihui.name/knitr/},
}

@Book{wickham2016r,
  title = {R for Data Science},
  author = {Hadley Wickham and Garrett Grolemund},
  year = {2016},
  publisher = {O'Reilly Media},
  url = {https://r4ds.had.co.nz/},
}

@Book{wickham2019advanced,
  title = {Advanced R},
  author = {Hadley Wickham},
  year = {2019},
  publisher = {Chapman and Hall/CRC},
  edition = {2nd},
  url = {https://adv-r.hadley.nz/},
}

@Manual{R-base,
  title = {R: A Language and Environment for Statistical Computing},
  author = {{R Core Team}},
  organization = {R Foundation for Statistical Computing},
  address = {Vienna, Austria},
  year = {2024},
  url = {https://www.R-project.org/},
}

@Manual{R-bookdown,
  title = {bookdown: Authoring Books and Technical Documents with R Markdown},
  author = {Yihui Xie},
  year = {2024},
  note = {R package version 0.37},
  url = {https://github.com/rstudio/bookdown},
}

@Manual{R-dplyr,
  title = {dplyr: A Grammar of Data Manipulation},
  author = {Hadley Wickham and Romain François and Lionel Henry and Kirill Müller},
  year = {2024},
  note = {R package version 1.1.4},
  url = {https://CRAN.R-project.org/package=dplyr},
}

@Manual{R-ggplot2,
  title = {ggplot2: Create Elegant Data Visualisations Using the Grammar of Graphics},
  author = {Hadley Wickham and Winston Chang and Lionel Henry and Thomas Lin Pedersen and Kohske Takahashi and Claus Wilke and Kara Woo and Hiroaki Yutani and Dewey Dunnington},
  year = {2024},
  note = {R package version 3.4.4},
  url = {https://CRAN.R-project.org/package=ggplot2},
}

@Manual{R-tidyr,
  title = {tidyr: Tidy Messy Data},
  author = {Hadley Wickham and Davis Vaughan and Maximilian Girlich},
  year = {2024},
  note = {R package version 1.3.0},
  url = {https://CRAN.R-project.org/package=tidyr},
}

@Manual{R-purrr,
  title = {purrr: Functional Programming Tools},
  author = {Lionel Henry and Hadley Wickham},
  year = {2024},
  note = {R package version 1.0.2},
  url = {https://CRAN.R-project.org/package=purrr},
}
